@article{umansky2006bout,
  title={BOUT code manual},
  author={Umansky, MV and Xu, XQ and Dudson, B and Lodestro, LL},
  journal={Science},
  year={2006}
}
@article{dudson2009bout++,
  title={BOUT++: A framework for parallel plasma fluid simulations},
  author={Dudson, BD and Umansky, MV and Xu, XQ and Snyder, PB and Wilson, HR},
  journal={Computer Physics Communications},
  volume={180},
  number={9},
  pages={1467--1480},
  year={2009},
  publisher={Elsevier}
}
@phdthesis{ma2015macro,
  title={The macro-and micro-instabilities in the pedestal region of the Tokamak},
  author={Ma, Jingfei},
  year={2015}
}
